@inproceedings{zou2020survey,
  title={A survey on application of knowledge graph},
  author={Zou, Xiaohan},
  booktitle={Journal of Physics: Conference Series},
  volume={1487},
  number={1},
  pages={012016},
  year={2020},
  organization={IOP Publishing}
}

@article{wang2023gpt,
  title={Gpt-ner: Named entity recognition via large language models},
  author={Wang, Shuhe and Sun, Xiaofei and Li, Xiaoya and Ouyang, Rongbin and Wu, Fei and Zhang, Tianwei and Li, Jiwei and Wang, Guoyin},
  journal={arXiv preprint arXiv:2304.10428},
  year={2023}
}

@article{nakamoto2008bitcoin,
  title={Bitcoin whitepaper},
  author={Nakamoto, Satoshi},
  journal={URL: https://bitcoin. org/bitcoin. pdf-(: 17.07. 2019)},
  year={2008}
}

@article{wood2014ethereum,
  title={Ethereum: A secure decentralised generalised transaction ledger},
  author={Wood, Gavin and others},
  journal={Ethereum project yellow paper},
  volume={151},
  number={2014},
  pages={1--32},
  year={2014}
}

@article{vaswani2017attention,
  title={Attention is all you need},
  author={Vaswani, Ashish and Shazeer, Noam and Parmar, Niki and Uszkoreit, Jakob and Jones, Llion and Gomez, Aidan N and Kaiser, {\L}ukasz and Polosukhin, Illia},
  journal={Advances in neural information processing systems},
  volume={30},
  year={2017}
}

@article{king2012ppcoin,
  title={Ppcoin: Peer-to-peer crypto-currency with proof-of-stake},
  author={King, Sunny and Nadal, Scott},
  journal={self-published paper, August},
  volume={19},
  number={1},
  year={2012}
}

@article{sandholm2007automated,
  title={Automated design of multistage mechanisms},
  author={Sandholm, Tuomas W and Conitzer, Vincent and Boutilier, Craig},
  year={2007},
  publisher={Carnegie Mellon University}
}

@inproceedings{murdock2020plundervolt,
  title={Plundervolt: Software-based fault injection attacks against Intel SGX},
  author={Murdock, Kit and Oswald, David and Garcia, Flavio D and Van Bulck, Jo and Gruss, Daniel and Piessens, Frank},
  booktitle={2020 IEEE Symposium on Security and Privacy (SP)},
  pages={1466--1482},
  year={2020},
  organization={IEEE}
}

@mastersthesis{severinsen2017secure,
  title={Secure programming with intel sgx and novel applications},
  author={Severinsen, Kristoffer Myrseth},
  year={2017}
}

@inproceedings{kaashoek2003koorde,
  title={Koorde: A simple degree-optimal distributed hash table},
  author={Kaashoek, M Frans and Karger, David R},
  booktitle={Peer-to-Peer Systems II: Second International Workshop, IPTPS 2003, Berkeley, CA, USA, February 21-22, 2003. Revised Papers 2},
  pages={98--107},
  year={2003},
  organization={Springer}
}

@inproceedings{ren2010topbt,
  title={TopBT: A topology-aware and infrastructure-independent BitTorrent client},
  author={Ren, Shansi and Tan, Enhua and Luo, Tian and Chen, Songqing and Guo, Lei and Zhang, Xiaodong},
  booktitle={2010 Proceedings IEEE INFOCOM},
  pages={1--9},
  year={2010},
  organization={IEEE}
}

@inproceedings{zhao2005gridmedia,
  title={Gridmedia: A practical peer-to-peer based live video streaming system},
  author={Zhao, Li and Luo, Jian-Guang and Zhang, Meng and Fu, Wen-Jie and Luo, Ji and Zhang, Yi-Fei and Yang, Shi-Qiang},
  booktitle={2005 IEEE 7th Workshop on Multimedia Signal Processing},
  pages={1--4},
  year={2005},
  organization={IEEE}
}

@inproceedings{small2006scaling,
  title={Scaling laws and tradeoffs in peer-to-peer live multimedia streaming},
  author={Small, Tara and Liang, Ben and Li, Baochun},
  booktitle={Proceedings of the 14th ACM international conference on Multimedia},
  pages={539--548},
  year={2006}
}

@phdthesis{dabek2005distributed,
  title={A distributed hash table},
  author={Dabek, Frank Frank Edward},
  year={2005},
  school={Massachusetts Institute of Technology}
}

@inproceedings{jin2011network,
  title={Network aware P2P multimedia streaming: Capacity or locality?},
  author={Jin, Xin and Kwok, Yu-Kwong},
  booktitle={2011 IEEE International Conference on Peer-to-Peer Computing},
  pages={54--63},
  year={2011},
  organization={IEEE}
}

@online{anoma2023privacychaincoindesknews,
  author = {Coindesk},
  title = {Anoma Foundation Plans to Launch Privacy-Focused Namada Blockchain},
  year = 2023,
  url = {https://www.coindesk.com/tech/2023/09/06/anoma-foundation-plans-native-blockchain-for-privacy-focused-namada-protocol/},
  urldate = {2023-10-10}
}

@online{cow2023,
  author = {Cowswap},
  title = {Cowswap Docs},
  year = 2023,
  url = {https://docs.cow.fi/},
  urldate = {2023-10-10}
}

@online{1inchfusion2023,
  author = {1inch},
  title = {1inch Fusion: A new DEX standard. Safe. Efficient. Gasless execution.},
  year = 2023,
  url = {https://1inch.io/fusion/},
  urldate = {2023-10-10}
}

@online{uniswapx2023,
  author = {Uniswap},
  title = {Introducing the UniswapX Protocol},
  year = 2023,
  url = {https://blog.uniswap.org/uniswapx-protocol},
  urldate = {2023-10-10}
}

@online{essential2023standard,
  author = {Essential},
  title = {Asset Based Intent Standard: An Intent Standard for the World of Digital Assets},
  year = 2023,
  url = {https://blog.essential.builders/asset-based-intent-standard/},
  urldate = {2023-10-10}
}

@online{fhe2023zama,
  author = {Morten DAhl, Clement Danjou, Daniel Demmler, Tore Frederiksend, Petar Ivanov, Marc Joye, Dragos Rotaru, Nigel Smart, and Louis Tremblay Thibault},
  title = {fhEVM - Confidential EVM Smart Contracts with Fully Homomorphic Encryption},
  year = 2023,
  url = {https://github.com/zama-ai/fhevm/blob/main/fhevm-whitepaper.pdf},
  urldate = {2023-10-10}
}

@article{hawkins2022towards,
  title={Towards compact neural networks via end-to-end training: A Bayesian tensor approach with automatic rank determination},
  author={Hawkins, Cole and Liu, Xing and Zhang, Zheng},
  journal={SIAM Journal on Mathematics of Data Science},
  volume={4},
  number={1},
  pages={46--71},
  year={2022},
  publisher={SIAM}
}

@article{hawkins2021bayesian,
  title={Bayesian tensorized neural networks with automatic rank selection},
  author={Hawkins, Cole and Zhang, Zheng},
  journal={Neurocomputing},
  volume={453},
  pages={172--180},
  year={2021},
  publisher={Elsevier}
}

@article{roh2021sample,
  title={Sample selection for fair and robust training},
  author={Roh, Yuji and Lee, Kangwook and Whang, Steven and Suh, Changho},
  journal={Advances in Neural Information Processing Systems},
  volume={34},
  pages={815--827},
  year={2021}
}

@article{zhang2021fpga,
  title={On-{FPGA} training with ultra memory reduction: A low-precision tensor method},
  author={Zhang, Kaiqi and Hawkins, Cole and Zhang, Xiyuan and Hao, Cong and Zhang, Zheng},
  journal={arXiv preprint arXiv:2104.03420},
  year={2021}
}

@article{chen2022self,
  title={Self-Healing Robust Neural Networks via Closed-Loop Control},
  author={Chen, Zhuotong and Li, Qianxiao and Zhang, Zheng},
  journal={arXiv preprint arXiv:2206.12963},
  year={2022}
}

@article{yang2022hardware,
  title={Hardware-Efficient Mixed-Precision {CP} Tensor Decomposition},
  author={Yang, Zi and Shan, Junnan and Zhang, Zheng},
  journal={arXiv preprint arXiv:2209.04003},
  year={2022}
}

@article{sattler2019robust,
  title={Robust and communication-efficient federated learning from non-iid data},
  author={Sattler, Felix and Wiedemann, Simon and M{\"u}ller, Klaus-Robert and Samek, Wojciech},
  journal={IEEE transactions on neural networks and learning systems},
  volume={31},
  number={9},
  pages={3400--3413},
  year={2019},
  publisher={IEEE}
}

@article{li2020federated,
  title={Federated learning: Challenges, methods, and future directions},
  author={Li, Tian and Sahu, Anit Kumar and Talwalkar, Ameet and Smith, Virginia},
  journal={IEEE Signal Processing Magazine},
  volume={37},
  number={3},
  pages={50--60},
  year={2020},
  publisher={IEEE}
}

@inproceedings{lalitha2018fully,
  title={Fully decentralized federated learning},
  author={Lalitha, Anusha and Shekhar, Shubhanshu and Javidi, Tara and Koushanfar, Farinaz},
  booktitle={Third workshop on Bayesian Deep Learning (NeurIPS)},
  year={2018}
}

@article{DLRM19,
  author    = {Maxim Naumov and Dheevatsa Mudigere and Hao{-}Jun Michael Shi and Jianyu Huang and Narayanan Sundaraman and Jongsoo Park and Xiaodong Wang and Udit Gupta and Carole{-}Jean Wu and Alisson G. Azzolini and Dmytro Dzhulgakov and Andrey Mallevich and Ilia Cherniavskii and Yinghai Lu and Raghuraman Krishnamoorthi and Ansha Yu and Volodymyr Kondratenko and Stephanie Pereira and Xianjie Chen and Wenlin Chen and Vijay Rao and Bill Jia and Liang Xiong and Misha Smelyanskiy},
  title     = {Deep Learning Recommendation Model for Personalization and Recommendation Systems},
  journal   = {CoRR},
  volume    = {abs/1906.00091},
  year      = {2019},
  url       = {https://arxiv.org/abs/1906.00091},
}

@article{ArchImpl19,
  author    = {Udit Gupta and Xiaodong Wang and Maxim Naumov and Carole{-}Jean Wu and Brandon Reagen and David Brooks and Bradford Cottel and Kim M. Hazelwood and Bill Jia and Hsien{-}Hsin S. Lee and Andrey Malevich and Dheevatsa Mudigere and Mikhail Smelyanskiy and Liang Xiong and Xuan Zhang},
  title     = {The Architectural Implications of Facebook's DNN-based Personalized Recommendation},
  journal   = {CoRR},
  volume    = {abs/1906.03109},
  year      = {2019},
  url       = {https://arxiv.org/abs/1906.03109},
}

@article{QuoRemTrick19,
  author    = {Hao{-}Jun Michael Shi and Dheevatsa Mudigere and Maxim Naumov and Jiyan Yang},
  title     = {Compositional Embeddings Using Complementary Partitions for Memory-Efficient Recommendation Systems},
  journal   = {CoRR},
  volume    = {abs/1909.02107},
  year      = {2019},
  url       = {https://arxiv.org/abs/1909.02107},
}

@article{uberfrauddetection,
  author    = {Xinyu Hu, Chengliang Yang, Ankur Sarda, Ankit Jain and Piero Molino},
  title     = {Fraud Detection: Using Relational Graph Learning to Detect Collusion},
  journal   = {Uber Engineering Blog},
  year      = {2021},
  url       = {https://www.uber.com/blog/fraud-detection},
}

@article{uberhumaninloop,
  author    = {Sergey Zelvenskiy, Garvit Harisinghani, Tiffany Yu, Edwin Ng and Robin Wei},
  title     = {Project RADAR: Intelligent Early Fraud Detection System with Humans in the Loop},
  journal   = {Uber Engineering Blog},
  year      = {2022},
  url       = {https://www.uber.com/blog/project-radar-intelligent-early-fraud-detection},
}

@article{ubermastermind,
  author    = {Yifu Diao},
  title     = {https://www.uber.com/blog/mastermind},
  journal   = {Uber Engineering Blog},
  year      = {2017},
  url       = {https://www.uber.com/blog/mastermind},
}

@article{mernik2005and,
  title={When and how to develop domain-specific languages},
  author={Mernik, Marjan and Heering, Jan and Sloane, Anthony M},
  journal={ACM computing surveys (CSUR)},
  volume={37},
  number={4},
  pages={316--344},
  year={2005},
  publisher={ACM New York, NY, USA}
}

@article{kosar2008preliminary,
  title={A preliminary study on various implementation approaches of domain-specific language},
  author={Kosar, Toma{\v{z}} and Mart{\i}, Pablo E and Barrientos, Pablo A and Mernik, Marjan and others},
  journal={Information and software technology},
  volume={50},
  number={5},
  pages={390--405},
  year={2008},
  publisher={Elsevier}
}

@book{fowler2010domain,
  title={Domain-specific languages},
  author={Fowler, Martin},
  year={2010},
  publisher={Pearson Education}
}

@article{hudak1997domain,
  title={Domain-specific languages},
  author={Hudak, Paul},
  journal={Handbook of programming languages},
  volume={3},
  number={39-60},
  pages={21},
  year={1997}
}

@inproceedings{selic2007systematic,
  title={A systematic approach to domain-specific language design using UML},
  author={Selic, Bran},
  booktitle={10th IEEE International Symposium on Object and Component-Oriented Real-Time Distributed Computing (ISORC'07)},
  pages={2--9},
  year={2007},
  organization={IEEE}
}

@article{myerson1986multistage,
  title={Multistage games with communication},
  author={Myerson, Roger B},
  journal={Econometrica: Journal of the Econometric Society},
  pages={323--358},
  year={1986},
  publisher={JSTOR}
}

@article{jurca2009mechanisms,
  title={Mechanisms for making crowds truthful},
  author={Jurca, Radu and Faltings, Boi},
  journal={Journal of Artificial Intelligence Research},
  volume={34},
  pages={209--253},
  year={2009}
}

@inproceedings{curry2023automated,
  title={Automated Design of Affine Maximizer Mechanisms in Dynamic Settings},
  author={Curry, Michael and Thoma, Vinzenz and Chakrabarti, Darshan and McAleer, Stephen Marcus and Kroer, Christian and Sandholm, Tuomas and He, Niao and Seuken, Sven},
  booktitle={Sixteenth European Workshop on Reinforcement Learning},
  year={2023}
}

@inproceedings{hajiaghayi2007automated,
  title={Automated online mechanism design and prophet inequalities},
  author={Hajiaghayi, Mohammad Taghi and Kleinberg, Robert and Sandholm, Tuomas},
  booktitle={AAAI},
  volume={7},
  pages={58--65},
  year={2007}
}

@inproceedings{gan2022sequential,
  title={Sequential decision making with information asymmetry},
  author={Gan, Jiarui and Majumdar, Rupak and Radanovic, Goran and Singla, Adish},
  booktitle={33rd International Conference on Concurrency Theory},
  pages={1--18},
  year={2022},
  organization={Schloss Dagstuhl}
}

@article{ausubel1999generalized,
  title={A generalized Vickrey auction},
  author={Ausubel, Lawrence M and others},
  journal={Econo0 metrica},
  year={1999},
  publisher={Citeseer}
}

@article{laffont1980optimal,
  title={Optimal reservation price in the vickrey auction},
  author={Laffont, Jean-Jacques and Maskin, Eric},
  journal={Economics Letters},
  volume={6},
  number={4},
  pages={309--313},
  year={1980},
  publisher={North-Holland}
}
